@Manual{base,
title = {{R}: A Language and Environment for Statistical Computing},
  author = {{R Core Team}},
  organization = {R Foundation for Statistical Computing},
  address = {Vienna, Austria},
  year = {2024},
  url = {https://www.R-project.org/},
}
@Article{caret,
  title = {Building Predictive Models in R Using the caret Package},
  volume = {28},
  url = {https://www.jstatsoft.org/index.php/jss/article/view/v028i05},
  doi = {10.18637/jss.v028.i05},
  number = {5},
  journal = {Journal of Statistical Software},
  author = {{Kuhn} and {Max}},
  year = {2008},
  pages = {1–26},
}
@Manual{datatable,
title = {{data.table}: Extension of `{data.frame}'},
  author = {Tyson Barrett and Matt Dowle and Arun Srinivasan and Jan Gorecki and Michael Chirico and Toby Hocking},
  year = {2024},
  note = {R package version 1.15.2},
  url = {https://CRAN.R-project.org/package=data.table},
}
@Manual{emmeans,
title = {{emmeans}: Estimated Marginal Means, aka Least-Squares Means},
  author = {Russell V. Lenth},
  year = {2024},
  note = {R package version 1.10.0},
  url = {https://CRAN.R-project.org/package=emmeans},
}
@Article{lme4,
  title = {Fitting Linear Mixed-Effects Models Using {lme4}},
  author = {Douglas Bates and Martin M{\"a}chler and Ben Bolker and Steve Walker},
  journal = {Journal of Statistical Software},
  year = {2015},
  volume = {67},
  number = {1},
  pages = {1--48},
  doi = {10.18637/jss.v067.i01},
}
@Manual{prospectr,
  title = {An introduction to the prospectr package},
  author = {Antoine Stevens and Leornardo Ramirez-Lopez},
  publication = {R package Vignette},
  year = {2024},
  note = {R package version 0.2.7},
}
@Article{randomForest,
  title = {Classification and Regression by randomForest},
  author = {Andy Liaw and Matthew Wiener},
  journal = {R News},
  year = {2002},
  volume = {2},
  number = {3},
  pages = {18-22},
  url = {https://CRAN.R-project.org/doc/Rnews/},
}
@Manual{rmarkdown2024,
title = {{rmarkdown}: Dynamic Documents for R},
  author = {JJ Allaire and Yihui Xie and Christophe Dervieux and Jonathan McPherson and Javier Luraschi and Kevin Ushey and Aron Atkins and Hadley Wickham and Joe Cheng and Winston Chang and Richard Iannone},
  year = {2024},
  note = {R package version 2.26},
  url = {https://github.com/rstudio/rmarkdown},
}

@Book{rmarkdown2018,
  title = {R Markdown: The Definitive Guide},
  author = {Yihui Xie and J.J. Allaire and Garrett Grolemund},
  publisher = {Chapman and Hall/CRC},
  address = {Boca Raton, Florida},
  year = {2018},
  isbn = {9781138359338},
  url = {https://bookdown.org/yihui/rmarkdown},
}

@Book{rmarkdown2020,
  title = {R Markdown Cookbook},
  author = {Yihui Xie and Christophe Dervieux and Emily Riederer},
  publisher = {Chapman and Hall/CRC},
  address = {Boca Raton, Florida},
  year = {2020},
  isbn = {9780367563837},
  url = {https://bookdown.org/yihui/rmarkdown-cookbook},
}
@Manual{tidymodels,
title = {{Tidymodels}: a collection of packages for modeling and machine learning using tidyverse principles.},
  author = {Max Kuhn and Hadley Wickham},
  url = {https://www.tidymodels.org},
  year = {2020},
}
@Article{tidyverse,
  title = {Welcome to the {tidyverse}},
  author = {Hadley Wickham and Mara Averick and Jennifer Bryan and Winston Chang and Lucy D'Agostino McGowan and Romain François and Garrett Grolemund and Alex Hayes and Lionel Henry and Jim Hester and Max Kuhn and Thomas Lin Pedersen and Evan Miller and Stephan Milton Bache and Kirill Müller and Jeroen Ooms and David Robinson and Dana Paige Seidel and Vitalie Spinu and Kohske Takahashi and Davis Vaughan and Claus Wilke and Kara Woo and Hiroaki Yutani},
  year = {2019},
  journal = {Journal of Open Source Software},
  volume = {4},
  number = {43},
  pages = {1686},
  doi = {10.21105/joss.01686},
}
